
@Book{CollFitz11,
  author = 	 {Collins-Sussman, B and Fitzpatrick, B and Pilato, C },
  title = 	 {Version control with subversion},
  year = 	 {2011},
  note = 	 {[\url{http://svnbook.red-bean.com/en/1.7/svn-book.pdf}]}
}

@Article{GelmJaku08,
  author = 	 {Gelman, A and Jakulin, A and Grazia Pittau, M and Su, Y},
  title = 	 {A weakly informative default prior distribution for logistic and other regression models},
  journal = 	 {Annals of Applied Statistics},
  year = 	 {2008},
  volume = 	 {2},
  pages = 	 {1360-83}
}

@Article{ImbeAngr94,
  author = 	 {Imbens, G and Angrist, J},
  title = 	 {Identification and estimation of local average treatment effects},
  journal = 	 {Econometrica},
  year = 	 {1994},
  volume = 	 {62},
  pages = 	 {467-75}
}

@Manual{R,
  title = 	 {R: A Language and Environment for Statistical Computing},
  institution =  {R Foundation for Statistical Computing},
  year = 	 {2013},
  note = 	 {[\url{http://www.R-project.org}]}
}
